 
% ksiazka
@book{bib:ksiazka,
  title     = {Tytuł książki},
  author    = {Imię Nazwisko and Nazwisko, Imię and Imię Nazwisko},
  publisher = {Wydawnictwo},
  year      = {2017},
  address   = {Warszawa},
  isbn      = {83-204-3229-9-434}
}

% artykul w czasopismie
@article{bib:artykul,
  title   = {Tytuł artykułu w czasopiśmie},
  author  = {Imię Nazwisko and Nazwisko, Imię and Imię Nazwisko},
  journal = {Tytuł czasopisma},
  year    = {2016},
  number  = {8},
  pages   = {1092--1113},
  volume  = {157}
}

% artykul konferencyjny
@inproceedings{bib:konferencja,
  title     = {Tytuł artykułu konferencyjnego},
  author    = {Imię Nazwisko and Nazwisko, Imię and Imię Nazwisko},
  booktitle = {Nazwa konferecji},
  year      = {2006},
  pages     = {5346--5349}
}
 
% zrodlo internetowe
@online{bib:internet,
  author  = {Imię Nazwisko and Nazwisko, Imię},
  title   = {Tytuł strony internetowej},
  year    = {2021},
  url     = {http://gdzies/w/internecie/internet.html},
  urldate = {2021-09-30}
}

@online{bib:internet:ToolsRegex,
  author  = {Davide Pasetto, Fabrizio Petrini, Virat Agarwal},
  title   = {TOOLS FOR VERY FAST REGULAR EXPRESSION MATCHING},
  year    = {2010},
  url     = {https://ieeexplore.ieee.org/document/5427376},
  urldate = {2024-08-02}
}

@online{bib:internet:golang,
  author  = {Robert Griesemer, Rob Pike, Ken Thompson},
  title   = {Golang - the programming language},
  year    = {2009},
  url     = {https://go.dev/},
  urldate = {2024-09-22}
}


@online{internet:HistoricalMemPrice,
  title   = { Historical price of computer memory and storage },
  author  = {John C. McCallum, U.S. Bureau of Labor Statistics},
  year    = {2024},
  url     = {https://ourworldindata.org/grapher/historical-cost-of-computer-memory-and-storage?time=1993..2023},
  urldate = {2024-08-05}
}

@online{bib:internet:ripgrep,
  author  = {BurntSushi},
  title   = {ripgrep recursively searches directories for a regex pattern while respecting your gitignore},
  year    = {2024},
  url     = {https://github.com/BurntSushi/ripgrep},
  urldate = {2024-09-22}
}

@online{bib:internet:BoyerMooreGit,
  author  = {Tatsuhiko Kubo},
  title   = {Algorithm Implementation for Boyer Moore},
  year    = {2013},
  url     = {https://github.com/cubicdaiya/bms/blob/master/bms.go},
  urldate = {2024-11-07}
}

@online{bib:internet:htmlSearchGoogle,
  author  = {Sergey Brin, Larry Page},
  title   = {The Anatomy of a Large-Scale Hypertextual Web Search Engine},
  year    = {1998},
  url     = {https://www.sciencedirect.com/science/article/abs/pii/S016975529800110X},
  urldate = {2024-12-07}
}

@inproceedings{bib:konferencja:TRECDuplicates,
  title     = {The Text REtrieval Conference},
  author    = {Jeffrey Dalton, Chenyan Xiong and Jamie Callan},
  booktitle = {CAsT 2019: The Conversational Assistance Track Overview},
  year      = {2020},
  pages     = {2--3}
}

@online{bib:internet:Intel8008,
  author  = {Creative Commons},
  title   = {Intel 8008},
  year    = {1972},
  url     = {http://8008.classiccmp.org//8008UM.pdf},
  urldate = {2025-02-07}
}

@online{bib:internet:GoogleCloud,
  author  = {Google},
  title   = {Google Drive Storage},
  year    = {2024},
  url     = {https://www.google.com/intx/en-GB/drive/},
  urldate = {2025-01-14}
}

@online{bib:internet:EngrampaArchives,
  author  = {mate-desktop},
  title   = {Engrampa},
  year    = {2025},
  url     = {https://github.com/mate-desktop/engrampa},
  urldate = {2025-01-25}
}


@online{bib:internet:IntelMemoryPerformance,
  author  = {Bevin Brett},
  title   = {Memory Performance in a Nutshell},
  year    = {2025},
  url     = {https://www.intel.com/content/www/us/en/developer/articles/technical/memory-performance-in-a-nutshell.html},
  urldate = {2025-01-29}
}

@online{bib:internet:ArchiwizacjaDanychMedycznych,
  author  = {Magdalena Ładniak, Adam Piórkowski},
  title   = {Przegląd otwartych rozwiązań systemów archiwizacji i komunikacji obrazów medycznych },
  year    = {2006},
  url     = {https://home.agh.edu.pl/~pioro/dyd/BDwBiM/open_pacs.pdf},
  urldate = {2025-01-29}
}

@online{bib:internet:GovDigitalizacjaPiśmiennictwa,
  author  = {Dariusz Paradowski},
  title   = {Digitalizacja piśmiennictwa},
  year    = {2010},
  url     = {https://www.gov.pl/attachment/8f6586b0-3a9e-4af2-9cc5-6eb994bfdbd7},
  urldate = {2025-01-29}
}

@book{bib:ksiazka:ArchiwizacjaIOdzyskiwanie,
  title     = {Archiwizacja i Odzyskiwanie danych},
  author    = {W. Curtis Preston},
  publisher = {O'Reilly},
  year      = {2008},
  address   = {Helion},
  isbn      = {978-83-246-1182-9}
}

@online{bib:internet:ArturMalinowskiIO,
  author  = {Artur Malinowski},
  title   = {Zastosowanie bajtowo adresowanej pamieci nvram do zwiekszenia wydajnosci wybranych aplikacji},
  year    = {2020},
  url     = {https://mostwiedzy.pl/pl/publication/download/0/zastosowanie-bajtowo-adresowanej-pamieci-nvram-do-zwiekszenia-wydajnosci-wybranych-aplikacji-rownole_202004030956039732671.pdf},
  urldate = {2025-01-29}
}

@online{bib:internet:TwojaPamiećPodręczna,
  author  = {Sam Thorogood},
  title   = {Twoja pamięć podręczna},
  year    = {2020},
  url     = {https://web.dev/articles/love-your-cache?hl=pl},
  urldate = {2025-01-29}
}

@online{bib:internet:KompresjaDanych,
  author  = {L.M. Manus, A. Kokaram},
  title   = {An improved error resilience scheme for highly compressed data },
  year    = {2020},
  url     = {https://ieeexplore.ieee.org/document/993497},
  urldate = {2025-01-29}
}

@online{bib:internet:UrzadzeniaWejsciaWyjscia,
  author  = {Jerzy Brzeziński, Dariusz Wawrzyniak},
  title   = {Urządzenia Wejscia-Wyjscia},
  year    = {2017},
  url     = {https://www.cs.put.poznan.pl/dwawrzyniak/SysOp2017/io_notatki.pdf},
  urldate = {2025-01-30}
}

@online{bib:internet:GCImageWiki,
  author  = {Lorenz Huelsbergen, Phil Winterbottom},
  title   = {Very Concurrent Mark-And-Sweep Garbage Collection without Fine-Grain Synchronization},
  year    = {1998},
  url     = {https://doc.cat-v.org/inferno/concurrent_gc/concurrent_gc.pdf},
  urldate = {2025-02-03}
}


@online{bib:internet:GolangMemoryModel,
  author  = {Vincent},
  title   = {Go: Memory Management and Allocation},
  year    = {2019},
  url     = {https://medium.com/a-journey-with-go/go-memory-management-and-allocation-a7396d430f44},
  urldate = {2025-02-03}
}

@book{bib:ksiazka:kompleksowośćArchiwów,
  title     = {Komputeryzacja i Digitalizacja w Archiwach},
  author    = {Paweł Perzyna},
  publisher = {PASAŻ},
  year      = {2016},
  address   = {Warszawa},
  isbn      = {978-83-7629-956-3}
}
https://przystanekhistoria.pl/download/166/121194/SymposiaArchivisticat2.pdf

@online{bib:online:IndexSearchGolang,
  author  = {dneil@google.com},
  title   = {Algorytm wyszukiwania w standardowej bibliotece Golang},
  year    = {2024},
  url     = {https://cs.opensource.google/go/go/+/refs/tags/go1.23.5:src/internal/stringslite/strings.go},
  urldate = {2025-02-05}
}
https://cs.opensource.google/go/go/+/refs/tags/go1.23.5:src/internal/stringslite/strings.go